@article{04nature/Wolfe_attributesVisual,
   author      = {J. M. Wolfe and T. S. Horowitz},
   journal   = {Nature Reviews Neuroscience},
   title       = {What attributes guide the deployment of visual attention and how do they do it?},
  pages =   "5:1--7",
   year        = {2004},
}



@article{80cogSc/Treisman_featureIntegration,
   author      = {Anne M Triesman and Garry Gelade},
   journal   = {Cognitive Psychology},
   title       = {A feature-integration theory of attention},
  volume = {12},
  number = {1},
  pages = {97--136},
   year = {1980},
}


@article{03neuroscience/luminanceContrast,
   author      = {Wolfgang Eihhauser and Peter Konig},
   journal   = {European Journal of Neuroscience},
   title       = {Does luminance-constrast contribute to a saliency map for overt visual attention?},
   volume = {17},
  pages =   "1089--1097",
   year        = {2003},
}



@article{09biology/eyeMovement,
   author      = {Mannan, Sabira K. and Kennard, Christopher and Husain, Masud},
   journal   = {Current biology},
   title       = {The role of visual salience in directing eye movements in visual object agnosia},
   volume = {19},
   number = {6},
  pages =   "247--248",
   year        = {2009},
}

@InProceedings{09_image_resize,
   author      = {Achanta, Radhakrishna and Susstrunk, Sabine},
   booktitle   = {ICIP},
   title       = {Saliency {D}etection for {C}ontent-aware {I}mage {R}esizing},
   year        = {2009},
}


@article{03neuron/Reynolds_attentionSaliency,
   author      = {John Reynolds and Robert Desimone},
   journal   = {Neuron},
   title       = {Interacting roles of attention and visual salience in V4},
  pages =   {853--863},
   year        = {2003},
  volume={37},
  number={5},
}


@article{04tog/rother_grabcut,
  title={{``Grabcut"-- Interactive foreground extraction using iterated graph cuts}},
  author={Rother, C. and Kolmogorov, V. and Blake, A.},
  journal={ACM Trans. Graph.},
  volume={23},
  number={3},
  pages={309--314},
  year={2004},
  publisher={ACM}
}

@InProceedings{09cvpr/Achanta_FTSaliency,
   author    = {Achanta, Radhakrishna and Hemami, Sheila and Estrada, Francisco and S{\"u}sstrunk, Sabine},
   booktitle = {CVPR},
   title   = {Frequency-tuned salient region detection},
   year    = {2009},
   pages =  {1597--1604},
}

@article{10pami/Liu_Learning,
    title = {Learning to Detect a Salient Object},
    author = {Liu, T. and Yuan, Z. and Sun, J. and Wang, J. and Zheng, N. and Tang X. and Shum H.Y.},
    journal = {IEEE TPAMI},
    pages = {353 -367},
    year = {2011},
    volume = {33},
    number = {2},
}


@article{02tog/decarlo_stylization,
  title={{Stylization and abstraction of photographs}},
  author={DeCarlo, D. and Santella, A.},
  journal={ACM Trans. Graph.},
  pages={769--776},
  year={2002},
  volume =	{21},
  number =	{3},
}

@book{99/zeki_innerVision,
  title={{Inner vision: An exploration of art and the brain}},
  author={Zeki, S.},
  year={1999},
  publisher={Oxford University Press}
}

@conference{10cvpr/goferman_context,
  title={{Context-aware saliency detection}},
  author={Goferman, S. and Zelnik-Manor, L. and Tal, A.},
  booktitle={CVPR},
  year={2010},
}
%  pages={2376--2383},

@article{07ANIPS/harel_graph,
  title={{Graph-based visual saliency}},
  author={Harel, J. and Koch, C. and Perona, P.},
  journal={Advances in neural information processing systems},
  volume={19},
  pages={545},
  year={2007},
  publisher={Citeseer}
}

@InProceedings{conf/nips/HarelKP06,
  title =	"Graph-Based Visual Saliency",
  author =	"Jonathan Harel and Christof Koch and Pietro Perona",
  year = 	"2006",
  booktitle =	"NIPS",
  pages =	"545--552",
}

@Article{98pami/Itti,
  title =   "A Model of Saliency-Based Visual Attention for Rapid Scene Analysis",
  author =  "Laurent Itti and Christof Koch and Ernst Niebur",
  journal = "IEEE TPAMI",
  year =    "1998",
  number =  "11",
  volume =  "20",
  pages =   "1254--1259",
}

@InProceedings{03ACMMM/Ma_Contrast-based,
  author =  "Yu-Fei Ma and Hong-Jiang Zhang",
  title =   "Contrast-based image attention analysis by using fuzzy growing",
  pages =   "374--381",
  booktitle =   "{ACM} Multimedia",
  year =    "2003",
}



@conference{07cvpr/hou_SpectralResidual,
  title={Saliency detection: A spectral residual approach},
  author={Hou, X. and Zhang, L.},
  booktitle={CVPR},
  pages={1--8},
  year={2007}
}

@InProceedings{08icassp/Wang,
  title =   "A two-stage approach to saliency detection in images",
  author =  "Zheshen Wang and Baoxin Li",
  year =    "2008",
  booktitle =   "ICASSP",
  pages =   "965--968",
}

@InProceedings{06acmmm/ZhaiS_spatiotemporal,
  title =   "Visual attention detection in video sequences using spatiotemporal cues",
  author =  "Yun Zhai and Mubarak Shah",
  booktitle =   "ACM Multimedia",
  year =    "2006",
  pages =   "815--824",
}

@conference{05cvpr/Weijer_boosting,
  title={Boosting saliency in color image features},
  author={van de Weijer, J. and Gevers, T.},
  booktitle={CVPR},
  pages={365--372},
  year={2005}
}

@article{93JN/Olshausen_neurobiological,
  title={{A neurobiological model of visual attention and invariant pattern recognition based on dynamic routing of information}},
  author={Olshausen, B.A. and Anderson, C.H. and Van Essen, D.C.},
  journal={Journal of Neuroscience},
  volume={13},
  number={11},
  pages={4700},
  year={1993},
  publisher={Soc Neuroscience}
}

@Article{85HN/KochVisualAttention,
  author =  "C. Koch and S. Ullman",
  year =    "1985",
  journal = "Human Neurbiology",
  pages =   "219--227",
  title =   "Shifts in selective visual attention: towards the underlying neural circuitry",
  volume =  "4",
}

@conference{07cvs/Frintrop_AttentionIntImage,
  title={{A real-time visual attention system using integral images}},
  author={Frintrop, S. and Klodt, M. and Rome, E.},
  booktitle={ICVS},
  year={2007},
  organization={Citeseer}
}

@article{00CE/christopoulos_jpeg,
  title={{The JPEG2000 still image coding system: an overview}},
  author={Christopoulos, C. and Skodras, A. and Ebrahimi, T.},
  journal={IEEE Trans. Consumer Elec.},
  volume={46},
  number={4},
  pages={1103--1127},
  year={2002},
  publisher={IEEE}
}

@book{1890/JamesPsychologyPrinciples,
  title={The principles of psychology},
  author={James, W.},
  year={1890},
  publisher={Harvard University Press},
}

@article{94/Cronly_ContrastSensitivity,
  title={Vision and visual dysfunction},
  author={Cronly-Dillon, J.R. and Stork, D.G.},
  journal={Journal of Cognitive Neuroscience},
  volume={6},
  number={2},
  pages={180--182},
  year={1994},
  publisher={MIT Press}
}

@InProceedings{04cvpr/RutishauserWWKP,
  author =  "U. Rutishauser and D. Walther and C. Koch and P. Perona",
  title =   "Is bottom-up attention useful for object recognition?",
  booktitle =   "CVPR",
  year =    "2004",
  pages =   "37--44",
}

@article{10pg/Huang_Zhang,
  title = {Video Painting via Motion Layer Manipulation},
  author = {Huang, Hua and Zhang, Lei and Fu, Tian-Nan},
  journal = {Comput. Graph. Forum},
  volume={29},
  number={7},
  pages={2055-2064},
  year={2010},
}

@article{06josa/KoN_InterestSegmentation,
  title={Object-of-interest image segmentation based on human attention and semantic region clustering},
  author={Ko, B.C. and Nam, J.},
  journal={J Opt Soc Am},
  volume={23},
  number={10},
  pages={2462},
  year={2006},
  publisher={OPTICAL SOC-AMERICA}
}

@article{06TCSVT/han_unsupervised,
  title={{Unsupervised extraction of visual attention objects in color images}},
  author={Han, J. and Ngan, K.N. and Li, M. and Zhang, H.J.},
  journal={IEEE TCSV},
  volume={16},
  number={1},
  pages={141--145},
  year={2006},
  publisher={IEEE}
}

@Article{TOG/Wang08,
    author = {Yu-Shuen Wang and Chiew-Lan Tai and Olga Sorkine and Tong-Yee Lee},
    title = { Optimized Scale-and-Stretch for Image Resizing},
    journal = {ACM Trans. Graph.},
    year = {2008},
    volume = {27},
    number = {5},
    pages = {118:1--8},
}


@Article{journal/tog/ChengZMHH10,
  title = "RepFinder: Finding Approximately Repeated Scene Elements for Image Editing",
  author =  "Ming-Ming Cheng and Fang-Lue Zhang and Niloy J. Mitra and Xiaolei Huang and Shi-Min Hu ",
  journal = "ACM Trans. Graph.",
  volume =  "29",
  number =  "4",
  pages =   "83:1--8",
  year =    "2010",
}


@Article{09cgf/ZhangC,
  title = "A Shape-Preserving Approach to Image Resizing",
  author =  "Guo-Xin Zhang and Ming-Ming Cheng and Shi-Min Hu and Ralph R. Martin",
  journal = "Comput. Graph. Forum",
  volume =  "28",
  number =  "7",
  pages =   "1897--1906",
  year =    "2009",
}

@Article{tog09/ChenCT_Sketch2Photo,
  title = "Sketch2Photo: Internet Image Montage",
  author =  "Tao Chen and Ming-Ming Cheng and Ping Tan and Ariel Shamir and Shi-Min Hu",
  journal = "ACM Trans. Graph.",
  volume =  "28",
  number =  "5",
  pages =   "124:1--10",
  year =    "2009",
}

@article{04ijcv/felzenszwalb_efficient,
  title={{Efficient graph-based image segmentation}},
  author={Felzenszwalb, P.F. and Huttenlocher, D.P.},
  journal={IJCV},
  volume={59},
  number={2},
  pages={167--181},
  year={2004},
  publisher={Springer}
}

@InProceedings{08cvs/achanta_salient,
  title={{Salient region detection and segmentation}},
  author={Achanta, R. and Estrada, F. and Wils, P. and S{\"u}sstrunk, S.},
  booktitle={ICVS},
  pages={66--75},
  year={2008},
  publisher={Springer}
}


@article{95ARN/DesimoneNeuralMachanisms,
  title={{Neural mechanisms of selective visual attention}},
  author={Desimone, R. and Duncan, J.},
  journal={Annual review of neuroscience},
  volume={18},
  number={1},
  pages={193--222},
  year={1995},
  publisher={Annual Reviews 4139 El Camino Way, PO Box 10139, Palo Alto, CA 94303-0139, USA}
}

@article{55ARP/Teuber_physiological,
  title={{Physiological psychology}},
  author={Teuber, H.L.},
  journal={Annual Review of Psychology},
  volume={6},
  number={1},
  pages={267--296},
  year={1955},
}

@article{10vc/Ding,
  title={Content-aware copying and pasting in images},
  author={Meng Ding and Ruo-Feng Tong},
  journal={The Viusal Computer},
  volume={26},
  pages={721--729},
  year={2010},
}

@article{wu-2010-resizing,
    author   = {Huisi Wu and Yu-Shuen Wang and Kun-Chuan Feng and
                Tien-Tsin Wong and Tong-Yee Lee and Pheng-Ann Heng},
    title    = {Resizing by Symmetry-Summarization},
    journal  = {ACM Trans. Graph.},
    year     = {2010},
    volume   = {29},
    number   = {6},
    pages    = {159:1--9},
}

@conference{Cheng_SaliencyCvpr11,
  title={Global Contrast based Salient Region Detection},
  author={Ming-Ming Cheng and Niloy J. Mitra and Xiaolei Huang and Philip H. S. Torr and Shi-Min Hu},
  booktitle={IEEE CVPR},
  pages={409--416},
  year={2011},
}
